\begin{references}

% - make sure to include the proper keys

% - all references are in alphabetical order.

% Anderson and Hodgetts, 2007
@article{AndersonHodgets2007,
  title={{Pre-Dorset} Technological Organization and Land Use in Southwestern {Hudson Bay}},
  author={Anderson, Jacob M and Hodgetts, Lisa M},
  journal={Canadian Journal of Archaeology/Journal Canadien d'Arch{\'e}ologie},
  pages={224--249},
  year={2007},
  publisher={JSTOR}
}

% Andrews and Falconer, 1969 - Hudson Bay
@article{AndrewsFalconer1969,
  title={Late glacial and post-glacial history and emergence of the Ottawa Islands, Hudson Bay, Northwest Territories: Evidence on the deglaciation of Hudson Bay},
  author={Andrews, John T and Falconer, George},
  journal={Canadian Journal of Earth Sciences},
  volume={6},
  number={5},
  pages={1263--1276},
  year={1969},
  publisher={NRC Research Press},
  doi = {10.1139/e69-126}
}

% Aylsworth et al., 1981
@article{AylsworthEtal1981,
  author={Aylsworth, J M and Boydell, A N and Cunningham, C M and Shilts, W W},
  title = {{Surficial Geology, Macquoid Lake, District of Keewatin}},
  institution = {Geological Survey of Canada},
  type = {Preliminary Map}, 
  number = {11-1980},
  year = {1981},
  note = {scale 1:125\,000},
  doi = {10.4095/109694}
}

% Beauliu-Audy et al., 2009
@article{BeaulieuAudyEtal2009,
  title={{Holocene palaeoecological reconstruction of three boreal peatlands in the La Grande Rivi{\`e}re region, Qu{\'e}bec, Canada}},
  author={Beaulieu-Audy, V{\'e}ronique and Garneau, Michelle and Richard, Pierre JH and Asnong, Hans},
  journal={The Holocene},
  volume={19},
  number={3},
  pages={459--476},
  year={2009},
  publisher={Sage Publications Sage UK: London, England},
  doi = {10.1177/0959683608101395}
}

% Blake , 1988 - Canada
@techreport{Blake1988,
  title={{Geological Survey of Canada radiocarbon dates XXVII}},
  author={Blake, W.},
  year={1988},
  institution = {Geological Survey of Canada},
  type = {Paper},
  number = {87-7},
  pages = {100},
  doi = {10.4095/126099}
}

% Blake , 1986 - Canada
@techreport{Blake1986,
  title={{Geological Survey of Canada radiocarbon dates XXV}},
  author={Blake, W.},
  year={1986},
  institution = {Geological Survey of Canada},
  type = {Paper},
  number = {85-7},
  pages = {32},
  doi = {10.4095/120615}
}

% Blake , 1983
@techreport{Blake1983,
  title={{Geological Survey of Canada radiocarbon dates XXIII}},
  author={Blake, W.},
  year={1983},
  institution = {Geological Survey of Canada},
  type = {Paper},
  number = {83-7},
  pages = {34},
  doi = {10.4095/119723}
}

% Blake , 1982 - Canada
@techreport{Blake1982,
  title={{Geological Survey of Canada radiocarbon dates XXII}},
  author={Blake, W.},
  year={1982},
  institution = {Geological Survey of Canada},
  type = {Paper},
  number = {82-7},
  pages = {22},
  doi = {10.4095/109271}
}

% Bunbury et al., 2012 - Hudson Bay
@article{BunburyEtal2012,
  title={{Holocene hydro-climatic change and effects on carbon accumulation inferred from a peat bog in the Attawapiskat River watershed, Hudson Bay Lowlands, Canada}},
  author={Bunbury, Joan and Finkelstein, Sarah A and Bollmann, J{\"o}rg},
  journal={Quaternary Research},
  volume={78},
  number={2},
  pages={275--284},
  year={2012},
  publisher={Cambridge University Press},
  doi = {10.1016/j.yqres.2012.05.013}
}

% Dyck and Fyles, 1964 - Canada
@article{DyckFyles1964,
  title={{Geological Survey of Canada radiocarbon dates III}},
  author={Dyck, W and Fyles, J G},
  journal={Radiocarbon},
  volume={6},
  number={1},
  pages={167--181},
  year={1964},
  doi = {10.1017/S0033822200010638}
}

% Dyck and Fyles, 1962 - Canada
@article{DyckFyles1962,
  title={Geological Survey of Canada Radiocarbon Dates Iâˆ—},
  author={Dyck, Willy and Fyles, J G},
  journal={Radiocarbon},
  volume={4},
  pages={13--26},
  year={1962},
  publisher={Cambridge University Press},
  doi = {10.1017/S0033822200036468}
}

% Dyck et al., 1966 - Canada
@article{DyckEtal1966,
  title={{Geological Survey of Canada radiocarbon dates V}},
  author={Dyck, Willy and Lowdon, JA and Fyles, John Gladstone and Blake, W},
  journal={Radiocarbon},
  volume={8},
  pages={96--127},
  year={1966},
  publisher={Cambridge University Press},
  doi = {10.1017/S0033822200000072}
}

% Dyck et al., 1965 - Canada
@article{DyckEtal1965,
  title={{Geological Survey of Canada radiocarbon dates IV}},
  author={Dyck, Willy and Fyles, John Gladstone and Blake, W},
  journal={Radiocarbon},
  volume={7},
  pages={24--46},
  year={1965},
  publisher={Cambridge University Press},
  doi = {10.1017/S0033822200037061}
}

% Dyke and Peltier, 2000
@article{DykeEtal2000,
  title={{Forms, response times and variability of relative sea-level curves, glaciated North America}},
  author={Dyke, Arthur S and Peltier, W R},
  journal={Geomorphology},
  volume={32},
  number={3-4},
  pages={315--333},
  year={2000},
  publisher={Elsevier},
  doi = {10.1016/S0169-555X(99)00102-6}
}

% Farrand, 1962
@article{Farrand1962,
  title={Postglacial uplift in North America},
  author={Farrand, William R},
  journal={American Journal of Science},
  volume={260},
  number={3},
  pages={181--199},
  year={1962},
  publisher={American Journal of Science},
  doi = {10.2475/ajs.260.3.181}
}

% Glaser et al., 2004 - Hudson Bay
@article{GlaserEtal2004,
  title={{Rates, pathways and drivers for peatland development in the Hudson Bay Lowlands, northern Ontario, Canada}},
  author={Glaser, Paul H and Hansen, Barbara CS and Siegel, Donald I and Reeve, Andrew S and Morin, Paul J},
  journal={Journal of Ecology},
  volume={92},
  number={6},
  pages={1036--1053},
  year={2004},
  publisher={Wiley Online Library},
  doi = {10.1111/j.0022-0477.2004.00931.x}
}

% Gowan et al, 2016  - western mainland Canada
@article{GowanEtal2016,
  title={{A model of the western Laurentide Ice Sheet, using observations of glacial isostatic adjustment}},
  author={Gowan, Evan J and Tregoning, Paul and Purcell, Anthony and Montillet, Jean-Philippe and McClusky, Simon},
  journal={Quaternary Science Reviews},
  volume={139},
  pages={1--16},
  year={2016},
  publisher={Elsevier},
  doi = {doi:10.1016/j.quascirev.2016.03.003}
}

% Hardy, 1976
@phdthesis{Hardy1976,
  author = {Hardy, L.}, 
  title = {{Contribution {\`a} l'{\'e}tude g{\'e}omorphologique de la portion Qu{\'e}b{\'e}coise des basses terres de la Baie de James}},
  school = {McGill University},
  year = {1976},
  address = {Montreal, Quebec, Canada}
}

% Hodgetts, 2007 - Churchill
@article{Hodgetts2007,
  title={{The changing Pre-Dorset landscape of SW Hudson Bay, Canada}},
  author={Hodgetts, Lisa M},
  journal={Journal of Field Archaeology},
  volume={32},
  number={4},
  pages={353--367},
  year={2007},
  publisher={Maney Publishing},
  doi = {10.1179/009346907791071467}
}

% Kuhry, 2008
@article{Kuhry2008,
  title={Palsa and peat plateau development in the Hudson Bay Lowlands, Canada: timing, pathways and causes},
  author={Kuhry, Peter},
  journal={Boreas},
  volume={37},
  number={2},
  pages={316--327},
  year={2008},
  publisher={Wiley Online Library},
  doi = {10.1111/j.1502-3885.2007.00022.x}
}

% Lorscheid and Rovere, 2019
@article{LorscheidRovere2019,
  title={The indicative meaning calculator--quantification of paleo sea-level relationships by using global wave and tide datasets},
  author={Lorscheid, Thomas and Rovere, Alessio},
  journal={Open Geospatial Data, Software and Standards},
  volume={4},
  number={1},
  pages={10},
  year={2019},
  publisher={Springer},
  doi = {10.1186/s4096}
}

% Lowdon and Blake, 1979 - Canada
@techreport{LowdonBlake1979,
  author={J. A. Lowdon and W. {Blake}},
  title = {{Geological Survey of Canada radiocarbon dates XIX}},
  institution = {Geological Survey of Canada},
  type = {Paper}, 
  number = {79-7},
  year = {1979},
  pages = {57},
  doi = {10.4095/102159}
}

% Lowdon and Blake, 1973 - Canada
@techreport{LowdonBlake1973,
  author={J. A. Lowdon and W. {Blake}},
  title = {{Geological Survey of Canada radiocarbon dates XIII}},
  institution = {Geological Survey of Canada},
  type = {Paper}, 
  number = {73-7},
  year = {1973},
  pages = {61},
  doi = {10.4095/103332}
}

% Lowdon and Blake, 1970 - Canada
@techreport{LowdonBlake1970,
  title={Geological Survey of Canada radiocarbon dates IX},
  author={Lowdon, JA and Blake, Weston},
  journal={Radiocarbon},
  volume={12},
  number={1},
  pages={46--86},
  year={1970},
  publisher={Cambridge University Press},
  doi = {10.1017/S0033822200036213}
}

% Lowdon et al., 1971
@article{LowdonEtal1971,
  title = {{Geological Survey of Canada radiocarbon dates XI}},
  author = {J. A. Lowdon and I. M. Robertson and W. {Blake}},
  pages = {255-324},
  journal = {Radiocarbon},
  year = {1971},
  volume = {13},
  doi = {10.1017/S0033822200008456}
}

% McAndrews et al., 1982 - Hudson Bay
@article{McAndrewsEtal1982,
  title={{Vegetation history of the Hudson Bay Lowland: a postglacial pollen diagram from the Sutton Ridge}},
  author={{McAndrews}, J. H. and Riley, J. L. and Davis, A. M.},
  journal={Le Naturaliste Canadien},
  volume={109},
  year={1982},
  pages = {597--608}
}

% McNeely and Atkinson, 1995
@techreport{McNeelyAtkinson1995,
  title = {{Geological Survey of Canada radiocarbon dates XXXII}},
  author = {R. McNeely and D. E. Atkinson},
  year = {1995},
  institution = {Geological Survey of Canada},
  type = {Current Research},
  number = {1995-G},
  pages = {151},
  doi = {10.4095/207598}
}

% McNeely and Brennan, 2005
@techreport{McNeelyBrennan2005,
  title = {{Geological Survey of Canada radiocarbon dates XXXV}},
  author = {McNeely, R and Brennan, J},
  year = {2005},
  institution = {Geological Survey of Canada},
  type = {Open File},
  number = {5019},
  doi = {10.4095/221215}
}

% Meyer, 1970
@mastersthesis{Meyer1970,
  title={Pre-Dorset settlements at the Seahorse Gully site},
  author={Meyer, David Alexander},
  year={1970},
  school = {University of Manitoba}
}

% Morlan et al., 2000 - Manitoba
@techreport{MorlanEtal2000,
  author = {R.E. Morlan and R. McNeely and E. Nielsen},
  year = {2000},
  title =  {Manitoba radiocarbon dates},
  institution = {Manitoba Industry, Trade and Mines, Geological Survey},
  type = {Open File Report},
  number = {OF2000-1},
  pages = {210}
}

% Morrison, 1989 - Canada
@article{Morrison1989,
  title={{Radiocarbon dating Thule culture}},
  author={Morrison, David},
  journal={Arctic Anthropology},
  pages={48--77},
  year={1989},
  publisher={JSTOR}
}

% Nash, 1972 - Churchill
@article{Nash1972,
  title={{Dorset culture in northeastern Manitoba, Canada}},
  author={Nash, Ronald J},
  journal={Arctic Anthropology},
  pages={10--16},
  year={1972},
  publisher={JSTOR}
}

% Pendea et al., 2010
@article{PendeaEtal2010,
  title={{A new shoreline displacement model for the last 7 ka from eastern James Bay, Canada}},
  author={Pendea, Ionel Florin and Costopoulos, Andr{\'e} and Nielsen, Colin and Chmura, Gail Lois},
  journal={Quaternary Research},
  volume={73},
  number={3},
  pages={474--484},
  year={2010},
  publisher={Cambridge University Press},
  doi = {10.1016/j.yqres.2010.02.001}
}

% Ray, 2016
@article{Ray2016,
  title={On measurements of the tide at Churchill, Hudson Bay},
  author={Ray, Richard D},
  journal={Atmosphere-Ocean},
  volume={54},
  number={2},
  pages={108--116},
  year={2016},
  publisher={Taylor \& Francis},
  doi = {10.1080/07055900.2016.1139540}
}

% Ridler and Shilts, 1974 - Canada
@techreport{RidlerShilts1974,
  title={{Exploration for Archean polymetallic sulphide deposits in permafrost terrains: an integrated geological/geochemical technique, Kaminak Lake area, District of Keewatin}},
  author={Ridler, R H; Shilts, W W},
  year={1974},
  institution = {Geological Survey of Canada},
  type = {Paper},
  number = {73-34},
  pages = {33},
  doi = {10.4095/103314}
}

% Rutherford et al., 1979 - Canada
@article{RutherfordEtal1979,
  title={{University of Saskatchewan radiocarbon dates VIII}},
  author={Rutherford, A. A. and Wittenberg, Juergen and Wilmeth, Roscoe},
  journal={Radiocarbon},
  volume={21},
  number={1},
  pages={48--94},
  year={1979},
  doi = {10.1017/S0033822200004215}
}

% Rutherford et al., 1973 - Canada
@article{RutherfordEtal1973,
  title={University of Saskatchewan radiocarbon dates VI},
  author={Rutherford, A A and Wittenberg, Juergen and McCallum, K J},
  journal={Radiocarbon},
  volume={15},
  number={1},
  pages={193--211},
  year={1973},
  publisher={Cambridge University Press},
  doi = {10.1017/S0033822200058707}
}

% Simon et al., 2016 - Hudson Bay
@article{SimonEtal2016,
  title={{A glacial isostatic adjustment model for the central and northern Laurentide Ice Sheet based on relative sea level and GPS measurements}},
  author={Simon, K M and James, T S and Henton, J A and Dyke, A S},
  journal={Geophysical Journal International},
  volume={205},
  number={3},
  pages={1618--1636},
  year={2016},
  publisher={Oxford University Press},
  doi = {10.1093/gji/ggw103}
}

% Simon et al., 2014 - Hudson Bay
@article{SimonEtal2014,
  title={{A relative sea-level history for Arviat, Nunavut, and implications for Laurentide Ice Sheet thickness west of Hudson Bay}},
  author={Simon, Karen M and James, Thomas S and Forbes, Donald L and Telka, Alice M and Dyke, Arthur S and Henton, Joseph A},
  journal={Quaternary research},
  volume={82},
  number={1},
  pages={185--197},
  year={2014},
  publisher={Cambridge University Press},
  doi = {10.1016/j.yqres.2014.04.002}
}

% Wagner, 1967 - Hudson Bay
@article{Wagner1967,
  title={{Additional radiocarbon dates, Tyrrell Sea area}},
  author={Wagner, Frances JE},
  journal = {Maritime Sediments},
  volume = {3},
  year={1967},
  pages={100-104},
  publisher={Atlantic Geology}
}

% Walton et al., 1961 - Canada
@article{WaltonEtal1961,
  title={{Isotopes, Inc. radiocarbon measurements I}},
  author={Walton, Alan and Trautman, Milton A and Friend, James P},
  journal={Radiocarbon},
  volume={3},
  pages={47--59},
  year={1961},
  publisher={Cambridge University Press},
  doi = {10.1017/S003382220002083X}
}



% Webber and Andrews, 1970 - Hudson Bay
@article{WebberAndrews1970,
  title={{Post-glacial uplift and substrate age at Cape Henrietta Maria, southeastern Hudson Bay, Canada}},
  author={Webber, PJ and Richardson, JW and Andrews, John T},
  journal={Canadian Journal of Earth Sciences},
  volume={7},
  number={2},
  pages={317--325},
  year={1970},
  publisher={NRC Research Press},
  doi = {10.1139/e70-029}
}

% Vacchi et al 2018 - Canada compilation
@article{VacchiEtal2018,
  title={{Postglacial relative sea-level histories along the eastern Canadian coastline}},
  author={Vacchi, Matteo and Engelhart, Simon E and Nikitina, Daria and Ashe, Erica L and Peltier, W Richard and Roy, Keven and Kopp, Robert E and Horton, Benjamin P},
  journal={Quaternary Science Reviews},
  volume={201},
  pages={124--146},
  year={2018},
  publisher={Elsevier},
  doi = {10.1016/j.quascirev.2018.09.043}
}

% Volgel and Waterbolk, 1972 - Canada
@article{VogelWaterbolk1972,
  title={{Groningen radiocarbon dates X.}},
  author={Vogel, J. C. and Waterbolk, H T},
  journal={Radiocarbon},
  volume={14},
  number={1},
  pages={6--110},
  year={1972},
  doi = {10.1017/S0033822200001016}
}

\end{references}
